%%%%%%%%%%%%%%%%%%%%%%%%%%%%%%%%%%%%%%%%%%%%%%%%%%%%%%%%%%%%%%%%%%%%%%%%%%%%%%%%
%%
%% Список литературы
%%
%%%%%%%%%%%%%%%%%%%%%%%%%%%%%%%%%%%%%%%%%%%%%%%%%%%%%%%%%%%%%%%%%%%%%%%%%%%%%%%%


@article{goyal2012learning,
  title={E-Learning: future of education},
  author={Goyal, Sumit},
  journal={Journal of Education and learning},
  volume={6},
  number={4},
  pages={239--242},
  year={2012},
  publisher={Universitas Ahmad Dahlan}
}

@article{jethro2012learning,
  title={E-learning and its effects on teaching and learning in a global age},
  author={Jethro, Olojo Oludare and Grace, Adewumi Moradeke and Thomas, Ajisola Kolawole},
  journal={International Journal of Academic Research in Business and Social Sciences},
  volume={2},
  number={1},
  pages={203},
  year={2012},
  publisher={Human Resource Management Academic Research Society}
}

@article{pravodelov2015,
  title={Преимущества дистанционного обучения и его виды}, 
  author={Праводелов С.В.},
  journal={Современное образование.},
  number={2},
  pages={70--79},
  year={2015},
  language = {russian},
  doi={10.7256/2409-8736.2015.2.14207},
  url={https://nbpublish.com/library_read_article.php?id=14207}
}

@article{borodickaya2017,
  title={Актуальность дистанционного образования в России},
  author={Бородицкая, ГП and Пазюк, КТ},
  journal={Ученые заметки ТОГУ},
  volume={8},
  number={1},
  pages={387--389},
  year={2017},
  publisher={Федеральное государственное бюджетное образовательное учреждение высшего~…},
  language={russian}
}

@article{alonceva2018creating,
  title={Creating a distance program in English, taking into account the specifics of the adult audience.},
  author={Alontseva N.V., Kuznetsova Ju.V.},
  journal={World of Science. Pedagogy and psychology},
  number={2},
  volume={6},
  url={https://mir-nauki.com/PDF/54PDMN218.pdf},
  language={russian}
}

@article{vaganova2017elecrt,
  title={Электронное обучение как средство организации самостоятельной работы студентов},
  author={Ваганова, Ольга Игоревна and Гладкова, Марина Николаевна and Трутанова, Александра Валерьевна},
  journal={Балтийский гуманитарный журнал},
  volume={6},
  number={2 (19)},
  year={2017},
  publisher={Некоммерческое партнерство организация дополнительного профессионального~…},
  language={russian}
}

@article{yarasheva2014,
  title={Информационные технологии в обучении иностранному языку},
  author={Ярашева, Д and Ибрагимова, С},
  journal={Современное образование (Узбекистан)},
  number={5},
  year={2014},
  publisher={Общество с ограниченной ответственностью {\guillemotleft}Центр инновационных технологий~…},
  language={russian}
}

@inproceedings{lezhenin2017study,
  title={Study Intonation: Mobile Environment for Prosody Teaching},
  author={Lezhenin, Yurij and Lamtev, Anton and Dyachkov, Vadim and Boitsova, Elena and Vylegzhanina, Karina and Bogach, Natalia},
  booktitle={2017 3rd IEEE International Conference on Cybernetics (CYBCONF)},
  pages={1--2},
  year={2017},
  organization={IEEE}
}

@inproceedings{techopedia,
  title={Web 2.0},
  url={https://www.techopedia.com/definition/4922/web-20}
}

@article{franklin2007web,
  title={Web 2.0 for content for learning and teaching in higher education},
  author={Franklin, Tom and Harmelen, M van},
  year={2007}
}

@inproceedings{bacsal2014using,
  title={Using Web 2.0 tools in English language teaching},
  author={Ba{\c{s}}al, Ahmet and Aytan, Talat},
  booktitle={Conference proceedings. ICT for language learning},
  pages={372},
  year={2014},
  organization={libreriauniversitaria. it Edizioni}
}

@article{yengin2010roles,
  title={Roles of teachers in e-learning: How to engage students \& how to get free e-learning and the future},
  author={Yengin, {\.I}lker and Karahoca, Dilek and Karahoca, Adem and Y{\"u}cel, Ahmet},
  journal={Procedia-Social and Behavioral Sciences},
  volume={2},
  number={2},
  pages={5775--5787},
  year={2010},
  publisher={Elsevier}
}

@article{huang2008web,
  title={Web 2.0 in and out of the language classroom},
  author={Huang, Chung-Kai and Chao, YC and Lin, Chun-Yu},
  journal={Proceedings of the 2008 World CALL: Using Technologies for Language Learning. Foukoka, Japan, q-039},
  year={2008}
}

@article{pushpanathanrole,
  title={The Role of a Teacher in facilitating E-Learning},
  author={Pushpanathan Thiruvengadam},
  url={https://www.researchgate.net/publication/224946774},
  year={2012}
}

@article{tenegen,
  title={Tenegen’s pedagogical model competency framework},
  author={Prompt team, edited by Mária Hartyányi},
  year={2009}
}

@article{tenegen,
  title={Tenegen’s pedagogical model competency framework},
  author={Prompt team, edited by Mária Hartyányi},
  year={2009}
}

@article{shlupa,
  title={Проект ШЛЮПА},
  url={http://ru.knowledgr.com/03194570/\%D0\%9F\%D1\%80\%D0\%BE\%D0\%B5\%D0\%BA\%D1\%82\%D0\%A8\%D0\%9B\%D0\%AE\%D0\%9F\%D0\%90},
  language={russian}
}

@article{luciasvalls,
  title={English Intonation and its Prominent Role in Teaching Communication},
  author={Lucía S. Valls},
  url={https://www.academia.edu/19886009/English_Intonation_and_its_Prominent_Role_in_Teaching_Communication}
}

@article{taskdiscourse,
  title={Discourse Intonation: To Teach or not to Teach?},
  author={Task, Module Four Assessment},
  publisher={Citeseer}
}

@incollection{pennington2019using,
  title={Using Technology for Pronunciation Teaching, Learning, and Assessment},
  author={Pennington, Martha C and Rogerson-Revell, Pamela},
  booktitle={English Pronunciation Teaching and Research},
  pages={235--286},
  year={2019},
  publisher={Springer}
}

@book{mern,
  TITLE = {Pro MERN Stack},
  AUTHOR = {Vasan Subramanian},
  YEAR = {2017},
  PUBLISHER = {apress},
  isbn={978-1-4842-2653-7Z}
}

@book{node,
  TITLE = {Изучаем Node.js.},
  YEAR = {2014},
  PUBLISHER = {СПб.: Питер},
  isbn={978-5-496-00356-8},
  language={russian}
}

@book{express,
  TITLE = {Express in Action},
  AUTHOR = {Evan Hahn},
  YEAR = {2016},
  PUBLISHER = {Manning Publications, United States},
  isbn={978-1-617-29242-2}
}

@book{nodeexpress,
  TITLE = {Web Development with Node and Express},
  AUTHOR = {Ethan Brown},
  PUBLISHER = {O’Reilly Media, Inc., 1005 Gravenstein Highway North, Sebastopol, CA 95472},
  isbn={978-1-491-94930-6}
}


@book{react,
  TITLE = {Learning React},
  AUTHOR = {Alex Banks and Eve Porcello},
  PUBLISHER = {O’Reilly Media, Inc., 1005 Gravenstein Highway North, Sebastopol, CA 95472},
  isbn={978-1-491-95462-1}
}

%%%%%%%%%%%%%%%%%%%%%%%%%%%%%%%%%%%%%%%%%%%%%%%%%%%%%%%%%%%%%%%%%%%%%%%%%%%%%%%%
